<?xml version="1.0" encoding="UTF-8"?>
<collection xmlns:xsi="http://www.w3.org/2001/XMLSchema-instance" xsi:schemaLocation="http://www.loc.gov/MARC21/slim http://www.loc.gov/standards/marcxml/schema/MARC21slim.xsd" xmlns="http://www.loc.gov/MARC21/slim">
<record>
  <leader>01190cam a22002891a 4500</leader>
  <controlfield tag="001">3366791</controlfield>
  <controlfield tag="003">NNC</controlfield>
  <controlfield tag="005">20100225234651.0</controlfield>
  <controlfield tag="008">750514m18881890le            000 1 ara d</controlfield>
  <datafield tag="035" ind1=" " ind2=" ">
    <subfield code="a">(OCoLC)316549332</subfield>
  </datafield>
  <datafield tag="035" ind1=" " ind2=" ">
    <subfield code="a">(OCoLC)ocn316549332</subfield>
  </datafield>
  <datafield tag="035" ind1=" " ind2=" ">
    <subfield code="9">AVD0954CU</subfield>
  </datafield>
  <datafield tag="035" ind1=" " ind2=" ">
    <subfield code="a">(NNC)3366791</subfield>
  </datafield>
  <datafield tag="040" ind1=" " ind2=" ">
    <subfield code="d">UkOxU</subfield>
  </datafield>
  <datafield tag="066" ind1=" " ind2=" ">
    <subfield code="c">(3</subfield>
  </datafield>
  <datafield tag="090" ind1=" " ind2=" ">
    <subfield code="a">PJ7711</subfield>
    <subfield code="b">Bei</subfield>
  </datafield>
  <datafield tag="130" ind1="0" ind2=" ">
    <subfield code="a">Arabian nights.</subfield>
  </datafield>
  <datafield tag="245" ind1="1" ind2="0">
    <subfield code="6">880-01</subfield>
    <subfield code="a">Alf laylah wa-laylah /</subfield>
    <subfield code="c">qad hadhdhabahu wa-ṣaḥḥaḥahu aḥad al-ābāʾ al-Yasūʻīyīn.</subfield>
  </datafield>
  <datafield tag="260" ind1=" " ind2=" ">
    <subfield code="6">880-02</subfield>
    <subfield code="a">Bayrūt :</subfield>
    <subfield code="b">al-Maṭbaʻah al-Kāthūlīkīyah lil-Ābāʾ al-Yasūʻīyīn,</subfield>
    <subfield code="c">1888-1890.</subfield>
  </datafield>
  <datafield tag="300" ind1=" " ind2=" ">
    <subfield code="a">5 v. ;</subfield>
    <subfield code="c">23 cm.</subfield>
  </datafield>
  <datafield tag="500" ind1=" " ind2=" ">
    <subfield code="a">Revised and expurgated by Anṭūn Ṣāliḥānī. cf. British Museum Catalogue of Arabic books.</subfield>
  </datafield>
  <datafield tag="700" ind1="1" ind2=" ">
    <subfield code="6">880-03</subfield>
    <subfield code="a">Ṣāliḥānī, Anṭūn.</subfield>
  </datafield>
  <datafield tag="880" ind1="1" ind2="0">
    <subfield code="6">245-01/(3/r</subfield>
    <subfield code="a">ألف ليلة وليلة /</subfield>
    <subfield code="c">قد هذبه وصححه أحد الآباء اليسوعيين.</subfield>
  </datafield>
  <datafield tag="880" ind1=" " ind2=" ">
    <subfield code="6">260-02/(3/r</subfield>
    <subfield code="a">بيروت :</subfield>
    <subfield code="b">المطبعة الكاثوليكية للآباء اليسوعيين،</subfield>
    <subfield code="c">١٨٨٨-١٨٩٠.</subfield>
  </datafield>
  <datafield tag="880" ind1="1" ind2=" ">
    <subfield code="6">700-03/(3/r</subfield>
    <subfield code="a">صالحاني، أنطون.</subfield>
  </datafield>
  <datafield tag="955" ind1=" " ind2=" ">
    <subfield code="b">0026815753</subfield>
    <subfield code="d">glx</subfield>
    <subfield code="e">893.7Ar1 K5</subfield>
    <subfield code="v">v.3</subfield>
  </datafield>
</record>
</collection>